2652 4744
268 244 842 352 snsnnsnrous1nn.'
1006 278 1072 353 ooo

18 473 165 528 onmemdo
181 474 352 540 innotesceret
369 473 513 526 nominsndi
538 490 554 527 s
572 473 773 541 magistratibus
792 469 865 528 'nent
889 489 953 528 ecce
976 489 1071 544 coepe-
1126 493 1128 504 ·

16 553 62 594 unt
80 561 94 594 s
113 543 221 595 consule
237 544 356 609 quopiam
375 549 419 594 sut
436 549 555 610 praetore
571 543 714 596 Corueiisni
732 543 791 608 dici,
810 543 928 604 Genium,
946 543 1069 596 Ciodisni.

20 619 30 662 t
47 612 114 662 adde
132 611 189 662 istis
207 627 272 676 quse
290 612 374 662 notavi
390 611 433 662 ibi.
467 611 509 663 iiie
527 611 622 662 omicns
640 619 729 663 noster
746 612 779 662 sd
795 613 975 666 successiones
991 611 1072 666 refert

18 687 29 730 t
46 679 195 734 testamenti
214 677 361 732 sectionem.
396 685 482 731 scote.
516 679 564 731 sed
581 693 631 745 qno
649 684 702 732 tem
720 679 817 732 scote?

393 811 444 896 u.
497 811 592 890 cm.
618 812 681 892 33.

69 951 99 1002 Α.
122 963 148 1001 u
173 951 225 1001 etc
246 945 385 1029 diifopiiis'o
411 945 526 1000 buenote
556 947 592 1000 On
657 943 737 1029 ‘'rnio
759 965 819 1002 coss
847 947 1000 1028 CCornelirss
1020 950 1070 1004 tit-

16 1015 99 1084 puiius
125 1018 234 1082 prosim
259 1017 341 1072 edocto
370 1015 514 1068 Cheidoeos
532 1017 603 1068 intre
642 1032 748 1068 ecsmum
771 1017 837 1070 tien
861 1018 931 1070 uisere
953 1035 984 1071 ec
1006 1021 1071 1073 urbs

16 1095 78 1151 *imre
95 1085 177 1136 'itatis
193 1083 275 1150 iussit,
299 1083 393 1135 leoiius
410 1089 487 1152 utpise
503 1084 598 1152 ineptis
615 1085 731 1202 inffeniie
747 1081 845 1152 Juitnci
858 1085 969 1137 sidenem
986 1087 1069 1140 inter-
1109 1091 1124 1114 '

16 1153 150 1206 ¹retntiono
176 1159 353 1218 msmstuosem
378 1151 517 1204 mendaciis
541 1153 593 1205 nris
617 1153 755 1233 coiginem
780 1151 938 1220 iniicientes,
964 1155 999 1207 sit
1017 1155 1070 1208 Ve-

16 1223 78 1272 criss
103 1223 160 1272 l'ii
183 1225 207 1272 8.
234 1234 258 1272 o.
283 1225 332 1272 721
359 1219 409 1274 Md
430 1215 502 1290 ripps
526 1221 614 1273 aeditis
640 1237 703 1279 τους
728 1211 912 1289 ἂστρολόγους
936 1223 982 1274 soi
1006 1221 1071 1282 τοὺς

16 1285 100 1352 όηιιις
117 1285 150 1339 is
167 1289 214 1356 τῆς
235 1282 337 1346 πόλεως
362 1237 498 1353 ἐξὴἶασεν.
532 1297 623 1342 suctor
648 1289 697 1341 Dio
722 1291 755 1340 tu
779 1293 821 1340 43.
856 1293 949 1342 iterum
971 1307 996 1342 e.
1017 1293 1069 1342 tot

18 1357 172 1424 bnognsto
189 1357 351 1409 interdictum
375 1373 464 1410 severe
488 1357 556 1410 omni
581 1357 700 1409 vaticinio
722 1371 752 1408 ec
777 1357 963 1424 praedictione.
998 1363 1072 1412 notet

16 1426 70 1474 iem
88 1429 208 1476 Graecus
225 1429 259 1476 36
284 1427 326 1476 25.
363 1425 408 1476 sed
427 1415 496 1476 iterio
512 1428 537 1478 in
555 1425 641 1490 primis
658 1432 684 1477 et
701 1441 759 1477 rum
778 1439 840 1476 curo
861 1440 891 1476 es
917 1441 959 1478 res
984 1424 1071 1478 imbits
1130 1419 1169 1446 “'

16 1509 51 1542 oc
70 1508 148 1543 suino.
183 1497 288 1557 eeustus
306 1494 424 1556 consulti,
442 1493 510 1558 quod
529 1493 635 1557 fectum,
654 1493 760 1545 formem
779 1501 806 1544 et
823 1494 900 1546 serbe
918 1501 990 1546 certo
1008 1511 1070 1561 rep·
1179 1549 1191 1562 ,

16 1560 55 1608 cri
85 1561 111 1610 in
144 1559 294 1626 fragmentis
322 1559 579 1622 indumentorum,
610 1575 677 1626 quse
700 1561 772 1612 dedit
797 1576 880 1627 nuper
904 1562 1071 1616 doctissimus

16 1625 149 1680 'Pithoeus
176 1627 255 1694 (iibro
271 1627 312 1678 cni
329 1629 432 1680 titulus:
457 1627 559 1679 coiistio
576 1627 682 1680 Moseic.
705 1629 792 1696 legum
816 1635 841 1680 et
860 1628 932 1680 Rom.
955 1629 1001 1692 ue,
1016 1630 1069 1699 15).

17 1696 36 1744 it
52 1695 88 1745 ibi
110 1695 234 1760 Uipisnus
250 1695 300 1746 tr
323 1693 355 1745 do
374 1693 442 1746 oiiic.
461 1711 578 1762 procons.
596 1703 733 1762 praetereo
750 1695 888 1748 interdictu
906 1703 944 1749 cst
964 1699 1014 1764 (its
1031 1687 1094 1752 ie?

16 1762 36 1811 it
53 1761 197 1832 Pithoeus)
214 1759 450 1812 mathematicorum
468 1761 563 1814 csiiide
587 1763 730 1828 impostore
755 1769 781 1815 ct
808 1759 984 1818 oistinocitute
1006 1781 1070 1834 per-

16 1828 97 1881 necio.
131 1845 179 1882 nee
197 1827 272 1880 indie
287 1829 396 1896 primum
421 1829 541 1881 interdici
562 1829 598 1880 sis
615 1831 729 1896 plausit,
756 1831 801 1882 ssd
825 1839 898 1887 ostiu
920 1833 984 1886 isoes
1007 1851 1071 1902 pro-

16 1895 90 1948 iditio
109 1903 156 1950 esi.
184 1899 293 1964 deus'pus
311 1903 395 1949 essint
413 1895 458 1946 SC
473 1895 612 1964 Pomponio
630 1905 654 1949 et
672 1895 740 1962 iisrso
758 1911 817 1952 coes
829 1899 939 1962 suctim,
958 1917 1007 1970 pue
1025 1919 1071 1953 ou-

17 1974 72 2015 eum
91 1971 120 2016 ut
137 1965 333 2024 motisemotisis,
363 1963 508 2030 Cisuidocis,
525 1965 613 2016 emotis
630 1971 656 2018 et
674 1965 773 2028 ceteris,
792 1965 843 2032 *poi
860 1968 966 2019 simiiem
984 1970 1070 2021 incer-

16 2049 52 2082 nm
73 2033 198 2097 sesemet
221 2033 360 2100 (Pithoeus
387 2032 493 2084 simiiem
516 2037 613 2084 ortem:
633 2047 690 2104 ¹epo
715 2034 819 2097 iegerim
843 2033 948 2086 similem
975 2043 1071 2088 cestim

16 2103 50 2150 ire
69 2101 228 2168 quaestum),
251 2115 321 2167 uqsm
337 2107 363 2152 et
384 2099 444 2168 igni
460 2098 631 2153 interdicetur
647 2099 781 2166 omniaque
798 2099 864 2151 bonu
881 2119 967 2154 corum
984 2105 1069 2169 puili-

16 2175 107 2230 cntur,·
125 2176 150 2220 et
167 2169 220 2220 sic·
236 2176 367 2220 'aeternus
388 2167 505 2236 gentisms
531 2167 575 2234 uui
590 2168 614 2218 si
629 2167 657 2219 id
666 2167 771 2234 fecerit,
787 2167 816 2219 iu
833 2185 889 2220 eum
907 2171 1070 2223 animaduer-

16 2245 79 2286 stur.
116 2235 175 2300 dicu¹
194 2237 331 2290 Domitium
354 2237 504 2302 inteiiegere
529 2235 573 2287 SC
590 2235 638 2287 hoc
656 2239 746 2303 ipsum.
781 2243 808 2287 et
831 2235 898 2290 enim
923 2239 965 2290 iiic
990 2239 1070 2292 refert

16 2305 31 2354 d
49 2303 222 2370 Pomponium
241 2309 267 2356 et
284 2303 381 2356 iiuiunr
399 2319 470 2370 coss,
496 2299 545 2358 hoc
563 2311 649 2358 suum
666 2317 733 2355 anno
751 2301 853 2357 Taurus
880 2309 907 2357 et
923 2307 990 2358 Libo
1008 2321 1069 2359 coss
1118 2315 1126 2326 '

16 2377 114 2423 ierunt.
150 2385 200 2426 nou
218 2369 267 2424 hoc
285 2385 386 2435 norum,
404 2377 433 2423 nt
448 2370 514 2424 inter
531 2373 670 2438 scriptores
694 2372 751 2424 suni
774 2372 847 2424 unius
869 2373 1006 2426 discrimen
1025 2377 1068 2428 sit.

17 2441 105 2491 meiius
134 2441 200 2492 enim
224 2435 309 2492 liuius
334 2446 360 2492 et
379 2439 563 2506 LPomponius
587 2441 706 2492 consules
732 2439 836 2491 inerunt
860 2443 978 2506 sequenti
1001 2441 1068 2496 huno

17 2523 72 2559 nno.
109 2507 183 2560 sdnu
202 2507 327 2576 Uipienus
344 2507 393 2558 siis
411 2520 477 2574 qsrse
495 2506 527 2558 sd
546 2508 718 2572 cognitionem
741 2507 831 2560 istem:
857 2507 1003 2574 saepissime
1020 2509 1068 2561 de-

18 2574 75 2640 ique
96 2573 263 2627 interdictum
287 2575 405 2639 estsere
426 2573 458 2624 oi
484 2573 596 2626 omuibus
621 2573 792 2640 principibus,
827 2591 860 2626 ne
886 2576 941 2642 quis
966 2577 1069 2628 omnino

17 2641 146 2694 eiusmodi
161 2639 265 2710 ineptiis
282 2658 309 2694 se
325 2641 490 2704 immisceret‚·
516 2649 541 2693 et
558 2642 629 2693 curie
644 2643 729 2710 puniti
752 2647 813 2694 euni
829 2641 858 2692 isi
878 2641 922 2710 qni
942 2644 970 2694 id
993 2656 1069 2696 exer-

17 2719 115 2774 uerunt,
132 2725 181 2790 pro
199 2726 319 2762 mensure
336 2711 432 2762 sdiicct
450 2718 475 2762 et
492 2709 688 2762 constitutionis
705 2711 825 2778 (tegerim
841 2710 945 2762 socieris
962 2716 988 2762 et
1006 2729 1068 2762 cort·

17 2779 158 2846 titutionp,
175 2776 213 2834 vc‘i
231 2779 334 2832 inducte
351 2779 443 2845 copule
461 2777 554 2830 scilicet
572 2777 788 2844 consultationis).
805 2791 866 2828 num
885 2778 928 2846 qui
945 2779 976 2830 de
993 2779 1069 2844 prie-

17 2845 58 2912 'pis
76 2845 176 2911 sainte,
202 2845 286 2912 cupite
300 2845 387 2914 puniti
411 2853 471 2898 sunt
496 2847 537 2897 oei
562 2861 613 2912 pou
635 2846 688 2897 aliu
710 2846 833 2914 graviore
859 2859 944 2912 poeno
961 2845 1068 2912 sujecti.

17 2931 46 2965 ou
65 2916 185 2966 omittam
203 2915 333 2968 oracutum
352 2910 435 2966 nostri
450 2915 514 2965 rotis
530 2914 562 2964 de
580 2914 619 2965 iiis
634 2915 705 2966 vanu
723 2915 832 2975 vatium,
851 2915 884 2966 H.
904 2918 917 2966 l
936 2919 985 2966 Ὧι
1011 2929 1067 2966 mo·

17 2979 133 3032 'remotior‘
145 2996 231 3049 genus
248 2975 379 3032 dominum
395 2981 541 3046 potentibus
564 2979 681 3048 infidum,
699 2979 862 3046 sperantum
872 2981 980 3048 juiinr3
999 2981 1068 3050 quot

18 3067 23 3098 ι
40 3049 146 3102 ciuitate
162 3055 255 3104 nostre
272 3055 298 3102 et
314 3047 440 3104 nouum
458 3063 558 3116 semper
575 3054 600 3100 et
616 3047 774 3104 retinebitur.

383 3183 442 3260 H.
496 3180 590 3262 Gne.
616 3181 679 3262 33.

61 3319 177 3371 Pieuiut
194 3317 249 3372 Mil.
271 3319 305 3386 gi.
322 3323 340 3370 ii
356 3319 373 3370 t
389 3321 420 3371 e:
444 3319 520 3372 oredo
537 3333 588 3386 ego
607 3317 669 3370 istoc
686 3317 800 3385 exemplo
817 3317 865 3370 tidi
881 3335 936 3372 esse
953 3319 1065 3372 euudses

18 3391 113 3438 :tutum
129 3393 204 3438 estro
219 3395 330 3454 portum,
349 3387 472 3454 dispessis
488 3387 612 3452 omnibus,
628 3385 770 3454 putidulum
789 3401 863 3454 puom
880 3387 991 3440 habedic.
1017 3391 1066 3440 ito·

18 3471 43 3506 re
62 3461 90 3508 et
110 3453 226 3507 carnifex
244 3455 399 3508 domicilium
425 3453 513 3506 munit
538 3461 613 3508 extre
638 3457 734 3509 urbem.
776 3457 869 3506 Cicero
893 3467 939 3521 pto
956 3457 1065 3508 Rabirio

18 3522 179 3574 erdueiiionis
202 3537 247 3576 reo
270 3525 301 3574 tis
333 3521 378 3574 sed
403 3529 545 3575 moreretur
572 3523 647 3606 prius
677 3521 840 3575 ecmiissimu
864 3529 946 3574 morte
970 3523 1065 3574 millies

21 3589 141 3652 ruscitns,
161 3603 236 3656 poem
252 3589 280 3640 ie
298 3589 351 3642 eius
368 3589 488 3644 concione
505 3591 620 3656 cornuue
637 3592 795 3642 consisteret.
826 3605 898 3656 poem
916 3607 970 3642 non
988 3591 1064 3644 modo

19 3673 60 3720 ro,
79 3655 128 3707 sed
145 3657 221 3708 etium
239 3657 310 3710 cneio
326 3657 373 3710 iioc
390 3675 420 3710 uo
437 3657 530 3725 spiritu
548 3659 678 3712 censoriae
695 3659 776 3726 leges,
800 3663 878 3728 cipue
894 3657 964 3709 urbis
982 3658 1064 3710 domi·

19 3725 59 3784 iio,
87 3739 178 3776 curere
195 3725 338 3778 uniuersmt.
372 3728 432 3780 ideo
456 3725 564 3780 Piontus
589 3727 684 3780 Pseud.
708 3731 724 3778 1
748 3729 765 3778 3
790 3729 837 3777 97:
863 3732 940 3778 estre
960 3732 1064 3792 portum

19 3791 103 3842 iotium
122 3793 275 3844 currendum
292 3801 331 3847 est
348 3793 439 3861 prius,
464 3793 548 3847 iunior
565 3795 626 3847 inde
642 3803 772 3846 emersum
789 3794 839 3844 duo
857 3807 913 3844 com
930 3792 1062 3846 tintinnu-

19 3859 65 3910 iiie.
104 3861 223 3926 inteiligit
240 3861 308 3914 enim
326 3863 476 3926 cssofflcen,
501 3877 609 3928 quorum
627 3869 700 3914 estre
718 3877 774 3914 eern
791 3867 893 3928 portem
910 3861 1011 3925 domus,
1029 3861 1063 3913 sd
1170 3869 1179 3880 ·

19 3931 137 3980 temnens
154 3931 284 3996 suppliciis
301 3931 395 3984 iocum.
429 3931 507 3983 immo
525 3938 552 3982 et
569 3931 670 3982 coriarii
689 3945 720 3982 sc
737 3931 902 3996 rispeiiiooes
919 3929 984 3982 urbe
1001 3930 1064 3981 snb-

19 3997 55 4046 0ti
75 4010 92 4046 a
111 3997 164 4061 peri
181 4011 274 4050 censes
291 3999 426 4051 morticino
443 4000 510 4051 enim
528 4003 650 4049 tractent.
686 3997 864 4050 Artemidorus
882 4000 897 4047 1
916 3999 964 4048 oue
980 3988 1013 4048 ed
1030 3993 1064 4048 di

20 4060 181 4130 νρσοδεψεῖν
197 4063 268 4117 πᾶσι
285 4059 420 4135 πονηρόν·
445 4068 551 4133 νεκρῶν
565 4062 620 4134 γὰρ
638 4057 753 4118 ἅπτεται
770 4057 908 4133 σωμάτων
926 4059 941 4115 d
957 4067 1063 4129 popon-

19 4133 96 4195 ens,
123 4129 169 4182 soi
191 4135 237 4198 τῆς
259 4127 366 4192 πόλεως
390 4129 550 4200 ἀπῴκισται
585 4135 631 4186 sed
657 4133 719 4199 quid
744 4139 785 4186 est
808 4132 876 4199 quod
894 4129 1001 4185 Tacitus
1020 4130 1063 4186 ue

19 4207 89 4251 secte
107 4201 222 4254 nominet
238 4201 417 4272 Esuriiinsm‘i
437 4196 488 4256 non
507 4202 669 4254 temerarium
686 4207 736 4254 est.
769 4215 818 4254 nec
835 4199 912 4254 isciie
936 4201 1061 4268 reperies,

34 4281 89 4334 ego
107 4282 212 4334 censeo,
236 4270 282 4322 obi
298 4269 417 4338 supplicii
438 4285 497 4335 res,
522 4271 648 4324 nomiosri
670 4279 771 4337 portem
792 4269 885 4333 siisme
908 4269 957 4322 nisi
973 4275 1061 4324 temen

1074 426 1080 456 i
