2652 4744
159 337 162 342 ·
300 311 364 377 an
395 307 826 398 annominemus
1027 311 1093 380 nna
1202 397 1204 404 Ι

418 569 469 647 n.
526 545 726 649 omns(

94 705 239 760 Suetonius
256 697 311 760 cai
326 707 344 758 8
360 721 411 760 non
428 707 527 774 spernit
541 708 623 763 aolrsm
640 707 795 762 sententiam
812 704 892 774 banc,
909 707 956 762 aad
971 707 1013 763 lon
1033 705 1035 712 ’
1067 713 1095 764 et

8 777 76 828 acri
101 775 274 842 disputatione
291 775 389 828 evertit.
424 775 466 828 oui
484 789 575 828 manns
592 791 641 840 ego
657 775 770 828 nondum
787 773 830 830 do.
864 777 925 842 quid
942 721 1095 834 enimi'm

12 847 124 910 »ulgus
146 842 203 902 eins
226 843 282 896 aevi
309 835 382 910 (nain
398 843 515 902 versiculi
532 843 567 896 illi
584 845 701 910 Caligula
724 844 840 911 principe
863 845 950 896 statim
974 839 1097 911 drulgan

11 911 104 976 sunt)
119 911 216 964 nesciit
232 911 392 1029 imperatoris
409 911 448 964 sni
465 913 548 966 solnm
566 908 699 975 genitale?
733 917 785 964 tam
805 909 944 978 impudenti
960 913 1096 966 mendacio
1114 972 1117 978 ,

11 981 121 1030 ludere
136 979 185 1042 ¹ius
208 977 256 1030 luit
309 993 360 1032 uon
376 977 475 1030 Plinius
500 983 528 1031 ei
545 977 653 1032 Tacitus
677 993 710 1032 ua
732 977 954 1045 ensesuetonlur
980 979 1098 1045 perride-

13 1043 113 1098 runt?
130 1046 232 1098 scilicet
249 1045 280 1098 lia
296 1059 357 1098 cura
374 1060 424 1098 non
442 1045 491 1098 init
508 1047 660 1113 inspiciendi
672 1041 761 1100 Actai
777 1046 838 1113 logi.
862 1050 915 1098 non
930 1047 1029 1114 copiai
1047 1062 1097 1100 nu·
1146 1059 1152 1072 ·

14 1129 85 1181 gae.
123 1119 151 1170 at
168 1115 251 1178 enim,
277 1113 376 1178 inquit,
402 1119 477 1166 natus
504 1121 545 1166 est
561 1114 639 1166 Caius
661 1120 735 1181 parre
756 1129 805 1168 auo
830 1119 857 1166 et
872 1113 1004 1168 Clienteio
1027 1129 1097 1168 eoas.

15 1187 107 1250 pater
123 1185 211 1234 autem
229 1183 390 1243 consulatum
406 1195 466 1234 enm
481 1196 548 1234 anno
565 1186 621 1234 toto
637 1181 730 1249 gessit,
745 1187 772 1233 et
788 1182 891 1249 quidem
908 1182 934 1234 in
951 1181 1023 1236 urbe.
1045 1175 1096 1234 riou

16 1251 109 1316 igitur
124 1249 200 1300 nasci
216 1241 302 1314 poluit
318 1249 343 1301 in
361 1250 466 1314 castris,
494 1250 614 1315 qnoniam
638 1255 712 1316 pater
735 1247 837 1304 demum
855 1255 948 1303 exacto
965 1243 1099 1303 consnl'utn
1129 1291 1134 1310 .
1206 1247 1212 1260 '

16 1319 47 1369 in
70 1316 244 1368 Germaniam
262 1321 303 1368 est
320 1317 419 1368 missus.
452 1317 569 1383 primum,
586 1317 719 1387 Suetonii,¹
730 1315 800 1382 qnod
815 1313 846 1370 tn
859 1317 939 1372 sumis
955 1322 984 1369 ut
1001 1317 1098 1382 datum,

16 1385 82 1438 lieri
103 1389 192 1449 potest
209 1388 238 1436 nt
254 1383 309 1448 qnia
327 1383 425 1436 illorum
442 1385 529 1437 iubeor
546 1390 572 1438 ie
588 1399 722 1451 reponere
754 1385 866 1450 ambigo,
884 1385 997 1452 inquam,
1014 1393 1098 1440 urruns
1129 1380 1135 1394 ⁸

21 1454 90 1504 illae
115 1465 193 1504 meae
218 1457 306 1518 partes
327 1453 493 1518 ⁴consentiant
519 1452 741 1520 conso'rscnntqne¹
756 1459 843 1504 natum
867 1467 899 1506 eo
923 1467 990 1506 anno
1007 1451 1099 1506 Caium

20 1535 99 1571 esse.
132 1519 210 1570 rideo
228 1517 295 1570 enim
313 1519 530 1578 dissentirealioa
547 1519 573 1572 in
590 1535 694 1574 numero
719 1535 843 1576 annorum
860 1535 925 1585 quos
948 1519 1041 1574 dicitnr
1057 1521 1099 1572 vi·

18 1589 108 1638 sisse.
143 1591 172 1638 et
189 1585 250 1653 qnid
266 1585 288 1636 ai
305 1587 391 1652 paullo
408 1593 469 1642 ante
486 1593 561 1640 natus
577 1588 621 1652 sit,
638 1604 697 1642 cunr
716 1589 832 1655 poterin
849 1587 987 1642 Germania
1004 1585 1099 1640 nsueti

22 1656 93 1720 quid
110 1653 134 1706 si
151 1654 240 1719 paullo
258 1653 340 1720 posti
374 1653 466 1711 deiude
475 1690 485 1719 ,
507 1656 543 1708 ml
558 1653 652 1719 homo,
669 1658 801 1721 queantur
816 1656 920 1721 quando
935 1662 1011 1708 natus
1028 1656 1100 1708 Cali-

21 1722 91 1788 gula
109 1722 154 1783 sit,
171 1737 222 1782 npn
239 1720 340 1802 quomo
357 1725 435 1772 satus.
469 1739 553 1776 nonne
569 1724 626 1790 ipso
643 1730 716 1791 patre
733 1725 847 1783 consule,
864 1729 895 1779 ut
910 1730 940 1776 tu
955 1724 1004 1786 via,
1025 1721 1099 1776 nasci
1194 1719 1198 1732 '

23 1789 117 1856 potuit
132 1789 160 1840 ln
177 1789 290 1842 castnsi
321 1803 371 1841 nec
387 1789 454 1842 enim
472 1805 537 1856 opus
554 1785 634 1843 credo
656 1807 712 1844 eam
729 1790 762 1843 ad
779 1806 835 1846 rcrn
850 1791 994 1856 praesentia
1010 1791 1100 1858 patris.

21 1872 98 1939 nam·
116 1857 300 1938 Germanicum
324 1860 429 1936 constat
451 1857 589 1938 exuliiona
612 1858 659 1976 abi
676 1857 723 1924 le)
747 1859 837 1912 arsum
858 1873 876 1910 a
899 1858 974 1912 clade
990 1858 1100 1912 Variana

23 1929 195 1976 conunenter
218 1937 244 1975 an
262 1925 401 1976 Germania
422 1939 546 1976 mansisse
567 1925 601 1977 ad

23 1994 82 2044 cari
100 1999 192 2044 antem
209 1991 376 2058 probabiliter
392 2005 496 2057 possum
514 2007 636 2055 nxomm,
662 2007 728 2058 qnae
750 1991 848 2044 tumida
864 1996 892 2044 et
907 1995 989 2044 vicina
1006 1995 1099 2060 partui,

639 1940 689 1977 uno
713 1939 794 1992 usque
811 1927 980 1978 consulatum.
1013 1927 1100 1993 suspi-
1181 1973 1183 1982 r

26 2059 154 2112 relictam
171 2060 206 2110 ab
223 2073 256 2110 eo
272 2060 298 2110 in
316 2059 464 2121 Germania,
485 2058 569 2112 donec
585 2067 686 2112 aterum
702 2059 840 2126 posuisset
865 2074 925 2112 nam
942 2060 1100 2114 circumduci
1199 2115 1202 2122 ,

24 2129 51 2178 in
71 2129 157 2194 longo
174 2127 265 2180 lm'narc
283 2126 406 2188 feminas,
430 2133 460 2178 nt
477 2127 557 2193 prisci
574 2126 710 2191 dicebant,
734 2125 877 2188 incientes,
897 2143 948 2179 non
966 2143 1000 2180 ex
1016 2143 1098 2194 more,

27 2209 82 2246 non
105 2209 140 2246 ex
157 2209 213 2246 usn.
248 2194 332 2260 potuit
350 2209 412 2260 ergo
428 2194 501 2246 nesci
517 2195 544 2246 in
561 2195 653 2254 nutris
670 2200 698 2248 ct
713 2199 800 2248 tamen
815 2194 841 2246 in
859 2191 993 2248 consulatu
1011 2195 1100 2261 patris.

25 2261 76 2318 sed
92 2263 124 2314 in
141 2263 215 2314 Actis
232 2262 348 2329 reperio,
367 2261 420 2326 aia,
438 2267 528 2314 natum
545 2277 602 2316 eum
619 2262 695 2314 Antii
728 2262 829 2328 quidsi
845 2277 938 2318 nomen
954 2263 1000 2316 tibi
1011 2265 1100 2330 ,impo-

25 2331 64 2382 nit
83 2335 116 2382 et
133 2331 200 2381 Acta
216 2327 250 2382 de
267 2329 318 2382 alio
334 2329 455 2395 quopiam
472 2330 549 2391 Ceio,
570 2329 624 2382 ilio
640 2329 737 2396 pariter
753 2330 916 2395 Germanici,
941 2323 1099 2394 senserunt?

25 2413 82 2452 nnn
102 2397 172 2448 enim
189 2395 322 2464 Caligulae
338 2397 647 2466 cognomendiscriminia
665 2412 767 2461 cauma,
785 2398 887 2464 opinor,
905 2399 999 2480 apponi
1016 2398 1102 2466 potnit

27 2465 123 2528 Actis,
138 2465 260 2530 'quonum
277 2463 403 2533 professio
420 2463 489 2533 apud
505 2467 572 2518 Acta
589 2471 648 2518 nato
672 2465 759 2516 statim
776 2479 858 2532 puero
872 2467 927 2518 llerr
944 2465 1035 2528 solita,
1053 2481 1101 2518 co-

26 2545 152 2600 gnomen.
164 2535 249 2584 antem
266 2531 328 2585 iilud
344 2538 436 2600 postea
452 2533 478 2584 in
495 2533 589 2586 eastris
604 2532 641 2585 illi
657 2531 754 2596 datum,
770 2547 787 2584 ι
802 2538 881 2585 reste.
912 2533 1020 2599 deniqne
1037 2547 1102 2586 oon·
1179 2533 1180 2536 ’

26 2607 69 2652 ιιι
86 2600 192 2652 tabulas
209 2601 333 2652 dotorum
351 2600 426 2652 Plinii
443 2615 475 2668 pa
494 2601 537 2653 ‘na
554 2606 596 2654 est
611 2605 639 2654 ei
659 2597 702 2653 hic
725 2603 815 2652 noster
830 2599 993 2653 ldeltuimua
1009 2615 1100 2664 senex,

27 2668 92 2720 milri
108 2667 214 2733 quidem
230 2667 305 2720 beatis
321 2665 353 2720 ia
368 2670 425 2720 mir
439 2667 475 2719 Δι
521 2666 632 2720 δέλτων.
655 2668 728 2721 addis
745 2668 853 2734 amplius
871 2683 907 2721 ex*
921 2669 1028 2738 Augusti
1040 2669 1101 2736 cpl-

29 2737 106 2789 stolis
123 2736 224 2802 liquere
241 2733 363 2788 bimulnm
379 2736 483 2788 demnas
498 2737 651 2804 perductum
667 2737 693 2787 ln
710 2741 827 2794 caemar,
843 2750 895 2788 non
911 2747 940 2788 er
959 2752 975 2788 o
1001 2736 1036 2786 ibi
1052 2749 1101 2788 na·

30 2807 97 2856 inm.
133 2803 219 2854 batuis
233 2809 281 2870 tn,
300 2818 351 2855 non
369 2819 484 2872 pugnasr
508 2804 592 2866 rude,
617 2817 669 2856 non
684 2802 771 2870 gladio
788 2801 856 2856 ieris.
890 2751 958 2869 quid
967 2804 1035 2856 eninr
1051 2803 1102 2856 ob-

29 2877 86 2922 stat
103 2871 272 2942 Agrippinam
297 2871 432 2936 peperisse
454 2872 480 2924 in
498 2870 651 2938 Germania,
677 2871 785 2923 rediiase
805 2871 832 2922 in
848 2871 938 2926 urben
959 2871 1046 2927 mariti
1060 2871 1102 2924 sni

29 2937 189 3001 consulam
213 2937 313 2991 deinde
325 2939 408 3006 ipsam
425 2944 452 2992 et
466 2937 591 2992 infantem
615 2940 642 2990 in
659 2937 823 2990 Germaniam
841 2937 999 2991 revertissei
1030 2937 1102 3004 qnod

31 3008 139 3072 Antium
156 3007 306 3072 praetulerit
330 3007 447 3059 omnibus
469 3006 724 3068 secesaibnsGaius,
750 3007 857 3072 quintu
880 3003 979 3058 bocar
1015 3011 1102 3060 mento

31 3072 169 3126 'liberium
186 3073 293 3138 Capreis
310 3073 423 3140 genitum
440 3075 514 3138 dicis,
531 3071 631 3126 Tibure
646 3079 692 3126 ent
708 3073 816 3125 hunvii
826 3076 973 3140 Augustum
1015 3075 1103 3142 itaque

29 3139 158 3208 quidquid
174 3141 313 3193 Suetonius
331 3147 447 3207 conetur,
464 3157 506 3195 me
523 3140 625 3207 quidem
640 3139 737 3206 iudice,
754 3139 817 3196 liaeo
835 3156 895 3208 pars
912 3139 1011 3203 adbuc,
1029 3148 1060 3192 nt
1075 3143 1104 3196 in
1202 3139 1207 3157 ⁸

32 3207 145 3262 iormnla
161 3207 290 3262 unctoria
307 3214 356 3272 est,
375 3211 456 3262 maior
473 3223 530 3262 esse
546 3209 654 3262 videtur.
684 3208 735 3274 cni,
751 3213 856 3276 praeter
871 3210 1018 3262 consulares
1034 3209 1102 3273 illoc,

31 3275 201 3330 subscribunt
216 3275 320 3345 pedauii
336 3283 479 3342 senatores,
505 3277 601 3329 Sextus
615 3276 706 3330 Victor
722 3282 750 3330 et
762 3275 909 3362 Athenaeus
924 3278 943 3328 4
959 3280 993 3328 lu
1008 3277 1103 3342 pleb.

422 3411 489 3490 M:
541 3413 635 3490 Gar.
661 3413 722 3497 75.

80 3549 297 3604 'Provinciamm
321 3549 412 3604 divido
434 3565 450 3602 a
469 3550 584 3604 Caesare
600 3551 714 3618 Angnsto
738 3549 765 3604 in
791 3553 866 3602 sexto
883 3547 1019 3602 consulatu
1034 3547 1104 3614 iacis

34 3619 142 3687 duplex.
175 3619 242 3671 aliae
259 3620 355 3687 populo
371 3617 466 3680 datae,
490 3618 557 3671 aliae
573 3619 687 3672 Caesari
720 3617 748 3670 in
765 3631 810 3672 eas
828 3631 894 3682 qnae
911 3617 1016 3682 populi,
1042 3631 1104 3683 pru·

34 3689 92 3754 pria
111 3685 172 3739 dicii
189 3687 357 3753 proconsules
374 3687 555 3752 mittebantur3
571 3688 601 3738 in
616 3685 736 3740 caesaris
752 3685 832 3750 leuati
849 3689 895 3736 ant
913 3689 1103 3751 propraetores,
1147 3729 1149 3734 ,

34 3755 77 3820 qui
97 3754 227 3807 interdum
243 3760 331 3807 tamen
349 3759 377 3807 et
413 3760 529 3810 maiores
545 3755 627 3820 dicti,
651 3760 697 3806 ant
713 3751 868 3806 coniunctim
886 3752 963 3817 legali
981 3767 1105 3820 proprae-
1214 3774 1218 3794 ν

34 3829 118 3884 tores,
137 3827 166 3876 nt
183 3823 210 3874 ln
227 3821 354 3890 lapidibus
372 3771 529 3890 pierumque
560 3829 691 3876 rectorum
708 3827 736 3874 et
750 3818 896 3887 praesidum
915 3833 1007 3872 noman
1024 3833 1106 3886 gene-

33 3891 90 3942 rala
108 3895 161 3952 est,
183 3891 355 3962 aisipraeses
372 3888 589 3956 praesidialesqne
605 3889 750 3972 prouincias
768 3886 800 3939 de
817 3886 977 3940 Caesarianis
993 3887 1107 3955 reperias
1175 3950 1178 3958 ¹

35 3957 125 4024 etism,
143 3957 332 4024 significatione
347 3963 415 4011 arta.
449 3957 587 4014 discrimen
604 3962 671 4009 anter
685 3956 855 4038 proconsules
869 3955 1024 4021 legatosque
1040 3953 1107 4008 mul-

34 4029 99 4076 tum.
133 4025 215 4092 primo
231 4027 301 4092 qnod
319 4026 336 4078 ii
352 4026 378 4077 in
396 4027 484 4094 populi
501 4025 643 4092 provincius
660 4024 749 4088 missi,
775 4037 842 4088 qnae
857 4021 914 4074 iere
928 4021 1056 4088 inermes,
1080 4019 1107 4074 bi
1152 4029 1154 4034 ’

34 4089 60 4142 in
77 4093 210 4157 Cameris,
227 4101 296 4159 qaae
312 4109 344 4148 co
364 4093 394 4146 iis
411 4095 560 4147 instructae.
597 4095 622 4144 2
639 4089 708 4157 qnod
724 4091 825 4143 illorum
843 4093 927 4142 annua
943 4093 1040 4144 tentum
1057 4089 1107 4142 ad·

35 4160 191 4214 manuario
207 4159 291 4226 (unde
305 4161 331 4214 in
374 4161 443 4216 scito
459 4163 635 4218 eucnemon
651 4161 702 4222 ait,
722 4155 939 4226 mmotnfnoiiins
956 4173 983 4211 aa
1000 4157 1106 4225 absum-

36 4241 95 4278 rmss
117 4227 153 4280 cd
175 4227 253 4280 ιιιίιι
269 4229 336 4281 eard
350 4227 537 4295 proconsulare
558 4226 712 4296 imperiemi
746 4233 774 4280 et
790 4227 831 4293 ap
849 4225 909 4279 nleii
925 4225 1052 4280 Floridl
1077 4239 1106 4292 p·

35 4297 103 4346 347:
123 4295 188 4362 quid
204 4294 281 4352 nolu
298 4311 355 4352 curn
370 4294 428 4351 isti·
442 4297 626 4366 proconsulum
641 4291 760 4352 cunm?
820 4293 827 4307 '
860 4309 916 4348 cuns
931 4289 1107 4361 meinimi-
